
@article{selvaraju_grad-cam_2020,
	title = {Grad-{CAM}: {Visual} {Explanations} from {Deep} {Networks} via {Gradient}-based {Localization}},
	volume = {128},
	issn = {0920-5691, 1573-1405},
	shorttitle = {Grad-{CAM}},
	url = {http://arxiv.org/abs/1610.02391},
	doi = {10.1007/s11263-019-01228-7},
	abstract = {We propose a technique for producing ‘visual explanations’ for decisions from a large class of Convolutional Neural Network (CNN)-based models, making them more transparent and explainable.},
	language = {en},
	number = {2},
	urldate = {2023-11-09},
	journal = {International Journal of Computer Vision},
	author = {Selvaraju, Ramprasaath R. and Cogswell, Michael and Das, Abhishek and Vedantam, Ramakrishna and Parikh, Devi and Batra, Dhruv},
	month = feb,
	year = {2020},
	note = {arXiv:1610.02391 [cs]},
	keywords = {Computer Science - Machine Learning, Computer Science - Artificial Intelligence, Computer Science - Computer Vision and Pattern Recognition},
	pages = {336--359},
	file = {Selvaraju 等 - 2020 - Grad-CAM Visual Explanations from Deep Networks v.pdf:D\:\\Zotero\\storage\\XYTQ73PA\\Selvaraju 等 - 2020 - Grad-CAM Visual Explanations from Deep Networks v.pdf:application/pdf},
}
